@Article{dong2019ebgsea,
  title={ebGSEA: an improved Gene Set Enrichment Analysis method for Epigenome-Wide-Association Studies},
  author={Dong, Danyue and Tian, Yuan and Zheng, Shijie C and Teschendorff, Andrew E},
  journal={Bioinformatics},
  volume={35},
  number={18},
  pages={3514--3516},
  year={2019}
}

@Article{teschendorff2015correlation,
  title={Correlation of Smoking-Associated DNA Methylation Changes in Buccal Cells With DNA Methylation Changes in Epithelial Cancer},
  author={Teschendorff, Andrew E and Yang, Zhen and Wong, Andrew and Pipinikas, Christodoulos P and Jiao, Yinming and Jones, Allison and Anjum, Shahzia and Hardy, Rebecca and Salvesen, Helga B and Thirlwell, Christina and others},
  journal={JAMA Oncology},
  volume={1},
  number={4},
  pages={476--485},
  year={2015}
}

@Article{goeman2004a,
  title={A global test for groups of genes: testing association with a clinical outcome},
  author={Goeman, Jelle J and De Geer, Sara Van and De Kort, Floor and Van Houwelingen, Hans C},
  journal={Bioinformatics},
  volume={20},
  number={1},
  pages={93--99},
  year={2004}
}

@Article{subramanian2005gene,
  title={Gene set enrichment analysis: A knowledge-based approach for interpreting genome-wide expression profiles},
  author={Subramanian, Aravind and Tamayo, Pablo and Mootha, Vamsi K and Mukherjee, Sayan and Ebert,  Benjamin L and Gillette, Michael A and Paulovich, Amanda G and Pomeroy, Scott L and Golub, Todd R and Lander, Eric S and others},
  journal={Proceedings of the National Academy of Sciences of the United States of America},
  volume={102},
  number={43},
  pages={15545--15550},
  year={2005}
}

